@book{Gol01,
  author = {Goldreich, Oded},
  title = {Foundations of Cryptography},
  volume = {I},
  publisher = {Cambridge University Press},
  year = {2001}
}

@book{Gol04,
author = {Goldreich, Oded},
title = {Foundations of Cryptography},
volume = {II},
publisher = {Cambridge University Press},
year = {2004}
}

@book{MF21,
  author = {Arno Mittelbach and Marc Fischlin},
  title = {The Theory of Hash Functions and Random Oracles},
  volume = {I},
  publisher = {Springer Cham},
  year = {2021}
}

@article{Adleman1978TwoTO,
  title={Two theorems on random polynomial time},
  author={Leonard M. Adleman},
  journal={19th Annual Symposium on Foundations of Computer Science (sfcs 1978)},
  year={1978},
  pages={75-83}
}

@book{Arora,
  author = {Sanjeev Arora and Boaz Barak},
  title = {Computational Complexity: A Modern Approach},
  publisher = {Cambridge University Press},
  address = {New York, NY, USA},
  edition = {1st},
  year = {2009}
}

@book{goldreich_2008,
place={Cambridge},
title={Computational Complexity: A Conceptual Perspective},
DOI={10.1017/CBO9780511804106},
publisher={Cambridge University Press},
author={Goldreich, Oded}, year={2008}}

@incollection{Hal18,
    author       = {Shai Halevi},
    title        = {Homomorphic Encryption},
    booktitle    = {Tutorials on the Foundations of Cryptography},
    editor       = {Yehuda Lindell},
    publisher    = {Springer International Publishing},
    address      = {Cham},
    year         = {2017},
    pages        = {219--268}, % Replace with the actual start and end page numbers of Chapter 5
    chapter      = {5},
    series       = {Information Security and Cryptography},
    isbn         = {978-3-319-57047-1},
    eisbn        = {978-3-319-57048-8},
    doi          = {10.1007/978-3-319-57048-8},
    url          = {https://doi.org/10.1007/978-3-319-57048-8}
}

@misc{LNP22,
      title={A Tutorial Introduction to Lattice-based Cryptography and Homomorphic Encryption}, 
      author={Yang Li and Kee Siong Ng and Michael Purcell},
      year={2022},
      eprint={2208.08125},
      archivePrefix={arXiv},
      primaryClass={cs.CR}
}

@book{cont-finance,
  title={Stochastic Calculus for Finance II: Continuous-Time Models},
  author={Shreve, Steven E.},
  year={2004},
  publisher={Springer},
  isbn={0-387-40101-6}
}

@book{kallenberg-probability,
  title={Probability Theory and Stochastic Modelling},
  author={Kallenberg, Olav},
  year={2021},
  edition={3},
  publisher={Springer Nature Switzerland AG},
  address={Cham, Switzerland},
  series={Probability Theory and Stochastic Modelling},
  isbn={978-3-030-61870-4},
  doi={10.1007/978-3-030-61871-1}
}

@misc{Pei16-decade,
      author = {Chris Peikert},
      title = {A Decade of Lattice Cryptography},
      howpublished = {Cryptology ePrint Archive, Paper 2015/939},
      year = {2015},
      note = {\url{https://eprint.iacr.org/2015/939}},
      url = {https://eprint.iacr.org/2015/939}
}

@inproceedings{Applebaum,
  title={Fast Cryptographic Primitives and Circular-Secure Encryption Based on Hard Learning Problems},
  booktitle={Advances in Cryptology - CRYPTO 2009, 29th Annual International Cryptology Conference},
  series={Lecture Notes in Computer Science},
  publisher={Springer},
  volume={5677},
  pages={595-618},
  url={https://www.iacr.org/archive/crypto2009/56770585/56770585.pdf},
  doi={10.1007/978-3-642-03356-8_35},
  author={Benny Applebaum and David Cash and Chris Peikert and Amit Sahai},
  year=2009
}

@inproceedings{Reg10,
  title={The learning with errors problem (invited survey)},
  author={Regev, Oded},
  booktitle={IEEE Conference on Computational Complexity},
  pages={191--204},
  year={2010}
}

@phdthesis{Gentry-Thesis,
  title={A Fully Homomorphic Encryption Scheme},
  author={Craig Gentry},
  school={Stanford University},
  address={Stanford, CA, USA},
  year={2009},
  note={AAI3382729}
}

@inproceedings{Vai-survey,
  title={Computing Blindfolded: New Developments in Fully Homomorphic Encryption},
  author={Vinod Vaikuntanathan},
  booktitle={2011 IEEE 52nd Annual Symposium on Foundations of Computer Science},
  year={2011},
  pages={},
  publisher={IEEE},
  organization={University of Toronto},
  email={vinodv@cs.toronto.edu},
  note={Supported by an NSERC Discovery Grant and by DARPA under Agreement number FA875011-2-0225. The U.S. Government is authorized to reproduce and distribute reprints for Governmental purposes notwithstanding any copyright notation thereon. The views and conclusions contained herein are those of the author and should not be interpreted as necessarily representing the official policies or endorsements, either expressed or implied, of DARPA or the U.S. Government.},
  doi={10.1109/FOCS.2011.98}
}

@article{BGV12-no-bootstrap,
  title={(Leveled) Fully Homomorphic Encryption Without Bootstrapping},
  author={Zvika Brakerski and Craig Gentry and Vinod Vaikuntanathan},
  journal={ACM Transactions on Computation Theory (TOCT)},
  volume={6},
  number={3},
  pages={13},
  year={2014},
  note={Preliminary version in ITCS 2012}
}
